--- COMMENTS may be placed outside the @ENTRYTYPE{ ... } stuctures
--- CMS guidelines
---- Every journal article citation should include the DOI, assuming one exists.
---- All URLs for CMS notes, ANs, etc, should refer to the CDS server, not the CMS server. Use our standard format for them, as shown below.
----  CMS Notes not available on CDS are regarded as private and may not be cited.
----  CMS physics papers (i.e., those intended for publication in journals) may reference only POG PASs, not PAG PASs.
---- For papers by collaborations, list the collaboration in the COLLABOROATION field and put the first author and "and others" in the AUTHOR field.
----  If only the collaboration is listed as the author, put "{XXX Collaboration}" under AUTHOR.
---- Number of authors to list:
----   PRL requests that we include all authors up to fifteen except for large collaborations, and we take this as our internal guide as well. If there
----   are more than fifteen, just list the first + "and others", as above.
----   The individual journal bib style file (theirs, ours, PLB, etc.) will truncate at the appropriate point. We have ours set to _3_ as
----   a reminder to list the appropriate number. For larger collaborations, just use first author + "and others".
---- Use only the URL field instead of embedding an href (this is a change in our practice).
---- A reference only published on the arXiv should be listed as UNPUBLISHED (with a note "Submitted to XXX" for large collaboration papers).
----   Experimental papers only on the arXiv and not submitted for publication may not be cited.
---- Some journals will lowercase the title: use {} to protect words which must be capitalized, e.g., {LHC}, {TeV}, {CERN}, {CMS}.
----  Do not escape the entire title as it will then clash with the journal style.
---- Journal names: the journals generally include the series in the journal name, "Physical Review D", vol 5, rather than PR D5
%
% Notes hosted only on CDS are listed as TECHREPORTs.
%

@article{Zwicky:1937zza,
      author         = "Zwicky, F.",
      title          = "{On the Masses of Nebulae and of Clusters of Nebulae}",
      journal        = "Astrophys. J.",
      volume         = "86",
      pages          = "217",
      doi            = "10.1086/143864",
      year           = "1937",
}

% ROTATION CURVES

@article{vandeHulst,
      author         = "van de Hulst, H. C. and Raimond, E. and van Woerden, H.",
      title          = "{Rotation and Density Distribution of the Andromeda Nebula Derived from Observations of the 21-cm line}",
      journal        = "Bull. Astr. Inst. Netherlands",
      volume         = "14",
      pages          = "1",
      year           = "1957",
}

@article{Rubin:1980zd,
      author         = "Rubin, V.C. and Thonnard, N. and Ford Jr., W.K.",
      title          = "{Rotational properties of 21 SC galaxies with a large
                        range of luminosities and radii, from NGC 4605/R = 4 kpc
                        to UGC 2885/R = 122 kpc}",
      journal        = "Astrophys. J.",
      volume         = "238",
      pages          = "471",
      doi            = "10.1086/158003",
      year           = "1980",
}

% LARGE STRUCTURES

@article{White:1987yr,
      author         = "White, Simon D.M. and Frenk, Carlos S. and Davis, Marc
                        and Efstathiou, George",
      title          = "{Clusters, filaments, and voids in a universe dominated
                        by cold dark matter}",
      journal        = "Astrophys. J.",
      volume         = "313",
      pages          = "505",
      doi            = "10.1086/164990",
      year           = "1987",
}

@article{Carlberg:1989yr,
      author         = "Carlberg, R. G. and Couchman, H. M. P.",
      title          = "{Mergers and bias in a cold dark matter cosmology}",
      journal        = "Astrophys. J.",
      volume         = "340",
      pages          = "47",
      doi            = "10.1086/167375",
      year           = "1989",
}

@article{Bardeen:1985tr,
      author         = "Bardeen, James M. and Bond, J.R. and Kaiser, Nick and
                        Szalay, A.S.",
      title          = "{The Statistics of Peaks of Gaussian Random Fields}",
      journal        = "Astrophys. J.",
      volume         = "304",
      pages          = "15",
      doi            = "10.1086/164143",
      year           = "1986",
      reportNumber   = "FERMILAB-PUB-85-148-A, NSF-ITP-85-93",
      SLACcitation   = "%%CITATION = ASJOA,304,15;%%",
}

@article{Springel:2005nw,
      author         = "Springel, Volker and White, Simon D.M. and Jenkins,
                        Adrian and Frenk, Carlos S. and Yoshida, Naoki and others",
      title          = "{Simulating the joint evolution of quasars, galaxies and
                        their large-scale distribution}",
      journal        = "Nature",
      volume         = "435",
      pages          = "629",
      doi            = "10.1038/nature03597",
      year           = "2005",
      eprint         = "astro-ph/0504097",
      archivePrefix  = "arXiv",
      primaryClass   = "astro-ph",
      SLACcitation   = "%%CITATION = ASTRO-PH/0504097;%%",
}

% CMB

@article{Smoot:1992td,
      author         = "Smoot, George F. and Bennett, C.L. and Kogut, A. and
                        Wright, E.L. and Aymon, J. and others",
      title          = "{Structure in the COBE differential microwave radiometer
                        first year maps}",
      journal        = "Astrophys. J.",
      volume         = "396",
      pages          = "L1",
      doi            = "10.1086/186504",
      year           = "1992",
      reportNumber   = "PRINT-92-0148 (UC,BERKELEY)",
      SLACcitation   = "%%CITATION = ASJOA,396,L1;%%",
}

@article{deBernardis:2000gy,
      author         = "de Bernardis, P. and others",
      title          = "{A flat Universe from high resolution maps of the cosmic
                        microwave background radiation}",
      collaboration  = "Boomerang",
      journal        = "Nature",
      volume         = "404",
      pages          = "955",
      doi            = "10.1038/35010035",
      year           = "2000",
      eprint         = "astro-ph/0004404",
      archivePrefix  = "arXiv",
      primaryClass   = "astro-ph",
}

@article{Spergel:2006hy,
      author         = "Spergel, D.N. and others",
      title          = "{Wilkinson Microwave Anisotropy Probe (WMAP) three year
                        results: implications for cosmology}",
      collaboration  = "WMAP",
      journal        = "Astrophys. J. Suppl.",
      volume         = "170",
      pages          = "377",
      doi            = "10.1086/513700",
      year           = "2007",
      eprint         = "astro-ph/0603449",
      archivePrefix  = "arXiv",
      primaryClass   = "astro-ph",
 }

@article{Ade:2013zuv,
      author         = "Ade, P. A. R. and others",
      title          = "{Planck 2013 results. XVI. Cosmological parameters}",
      collaboration  = "Planck",
      journal        = "Astron. Astrophys.",
      volume         = "571",
      year           = "2014",
      pages          = "A16",
      doi            = "10.1051/0004-6361/201321591",
      eprint         = "1303.5076",
      archivePrefix  = "arXiv",
      primaryClass   = "astro-ph.CO",
      reportNumber   = "CERN-PH-TH-2013-129",
      SLACcitation   = "%%CITATION = ARXIV:1303.5076;%%"
}

% BULLET CLUSTER
@article{Clowe:2006eq,
      author         = "Clowe, Douglas and Bradac, Marusa and Gonzalez, Anthony
                        H. and Markevitch, Maxim and Randall, Scott W. and others",
      title          = "{A direct empirical proof of the existence of dark
                        matter}",
      journal        = "Astrophys. J.",
      volume         = "648",
      pages          = "L109",
      doi            = "10.1086/508162",
      year           = "2006",
      eprint         = "astro-ph/0608407",
      archivePrefix  = "arXiv",
      primaryClass   = "astro-ph",
      reportNumber   = "SLAC-PUB-12078",
}

%%%%%%%%%%%%%%%%%%%%%%%%%%%%%%%%%%%%%%%%%%%%%%%

@Article{Wess,
      author         = "Wess, J. and Zumino, B.",
      title          = "{Supergauge transformations in four-dimensions}",
      journal        = "Nucl.~Phys. B",
      volume         = "70",
      pages          = "39",
      doi            = "10.1016/0550-3213(74)90355-1",
      year           = "1974",
}

@article{Golfand,
      author         = "Golfand, Yu. A. and Likhtman, E. P.",
      title          = "{Extension of the algebra of Poincare group generators
                        and violation of p invariance}",
      journal        = "JETP Lett.",
      volume         = "13",
      pages          = "323",
      year           = "1971",
}

@article{Volkov,
      author         = "Volkov, D. V. and Akulov, V. P.",
      title          = "{Possible universal neutrino interaction}",
      journal        = "JETP Lett.",
      volume         = "16",
      pages          = "438",
      year           = "1972",
}

@Article{Ramond,
     author    = "Ramond, Pierre",
     title     = "{Dual theory for free fermions}",
     journal   = "Phys. Rev. D",
     volume    = "3",
     year      = "1971",
     pages     = "2415",
     doi       = "10.1103/PhysRevD.3.2415",
}

@article{Fayet,
      author         = "Fayet, Pierre",
      title          = "{Supergauge Invariant Extension of the Higgs Mechanism
                        and a Model for the Electron and its Neutrino}",
      journal        = "Nucl.~Phys. B",
      volume         = "90",
      pages          = "104",
      doi            = "10.1016/0550-3213(75)90636-7",
      year           = "1975",
}

@article{Aad:2011xw,
      author         = "Aad, Georges and others",
      title          = "{Search for new phenomena with the monojet and missing
                        transverse momentum signature using the ATLAS detector in
                        $\sqrt{s}=7$ TeV proton-proton collisions}",
      collaboration  = "ATLAS",
      journal        = "Phys. Lett. B",
      volume         = "705",
      pages          = "294",
      doi            = "10.1016/j.physletb.2011.10.006",
      year           = "2011",
      eprint         = "1106.5327",
      archivePrefix  = "arXiv",
      primaryClass   = "hep-ex",
      reportNumber   = "CERN-PH-EP-2011-090",
}
@article{Chatrchyan:2012me,
      author         = "Chatrchyan, Serguei and others",
      title          = "{Search for dark matter and large extra
                  dimensions in monojet events in pp collisions at
                  $\sqrt{s}~=~7$ TeV}",
      collaboration  = "CMS",
      journal        = "JHEP",
      volume         = "09",
      pages          = "094",
      doi            = "10.1007/JHEP09(2012)094",
      year           = "2012",
      eprint         = "1206.5663",
      archivePrefix  = "arXiv",
      primaryClass   = "hep-ex",
      reportNumber   = "CMS-EXO-11-059, CERN-PH-EP-2012-168",
}
@article{monojet8TeV,
      author         = "Chatrchyan, Serguei and others",
      year="2015",
      journal="Euro. Phys. J. C",
      volume="75",
      pages = "235",
      doi="10.1140/epjc/s10052-015-3451-4",
      title="Search for dark matter, extra dimensions, and unparticles in monojet events in proton-proton collisions $\sqrt{s}~=~8$ TeV",
      collaboration  = "CMS",
      eprint         = "1408.3583",
      archivePrefix  = "arXiv",
      primaryClass   = "hep-ex",
      reportNumber   = "CMS-EXO-11-059, CERN-PH-EP-2012-168",
}

@UNPUBLISHED{rogan,
	author = "C. Rogan",
	title = "Kinematics for new dynamics at the LHC",
	year="2010",
	archivePrefix="arXiv",
	eprint="1006.2727",
	NOTE = "CALT-68-2790"
}

@Article{razor2010,
     author         = "Chatrchyan, Serguei and others",
      title          = "{Inclusive search for squarks and gluinos in pp
                        collisions at $\sqrt{s}~=~7$ TeV}",
      collaboration  = "CMS",
      journal        = "Phys.~Rev. D",
      volume         = "85",
      pages          = "012004",
      doi            = "10.1103/PhysRevD.85.012004",
      year           = "2012",
      eprint         = "1107.1279",
      archivePrefix  = "arXiv",
      primaryClass   = "hep-ex",
      reportNumber   = "CERN-PH-EP-2011-099",
}

@article{Fox:2012ee,
      author         = "Fox, Patrick J. and Harnik, Roni and Primulando, Reinard
                        and Yu, Chiu-Tien",
      title          = "{Taking a razor to dark matter parameter space
                  at the LHC}",
      journal        = "Phys. Rev. D",
      volume         = "86",
      pages          = "015010",
      doi            = "10.1103/PhysRevD.86.015010",
      year           = "2012",
      eprint         = "1203.1662",
      archivePrefix  = "arXiv",
      primaryClass   = "hep-ph",
      reportNumber   = "FERMILAB-PUB-12-066-T",
}

@article{Papucci:2014iwa,
      author         = "Papucci, Michele and Vichi, Alessandro and Zurek, Kathryn
                        M.",
      title          = "{Monojet versus the rest of the world I: $t$-channel
                        models}",
      journal        = "JHEP",
      volume         = "11",
      pages          = "024",
      doi            = "10.1007/JHEP11(2014)024",
      year           = "2014",
      eprint         = "1402.2285",
      archivePrefix  = "arXiv",
      primaryClass   = "hep-ph",
      SLACcitation   = "%%CITATION = ARXIV:1402.2285;%%",
}

@unpublished{WatNNLO,
      author         = "Ryan Gavin and Ye Li and Frank Petriello and Seth Quackenbush",
      title          = "{W physics at the LHC with FEWZ 2.1}",
      year           = "2012",
      eprint         = "1201.5896",
      archivePrefix  = "arXiv",
      primaryClass   = "hep-ph",
      SLACcitation   = "%%CITATION = ARXIV:1402.2285;%%",
}

@unpublished{ZatNNLO,
      author         = "Ryan Gavin and Ye Li and Frank Petriello and Seth Quackenbush",
      title          = "{FEWZ 2.0: A code for hadronic Z production at next-to-next-to-leading order}",
      year           = "2010",
      eprint         = "1011.3540",
      archivePrefix  = "arXiv",
      primaryClass   = "hep-ph",
      SLACcitation   = "%%CITATION = ARXIV:1402.2285;%%",
}

@article{TTbaratNNLO,
      author         = "Michal Czakon and Alexander Mitov",
      title          = "{Top++: a program for the calculation of the top-pair cross-section at hadron colliders}",
      journal = "Comp. Phys. Commun.",
      volume = "185",
      pages = "2930",
      year = "2014",
      doi = "10.1016/j.cpc.2014.06.021",
      eprint         = "1112.5675",
      archivePrefix  = "arXiv",
      primaryClass   = "hep-ph",
      SLACcitation   = "%%CITATION = ARXIV:1402.2285;%%",
}

@article{MET_8TeV,
  author="Chatrchyan, S. and others",
  collaboration  = "CMS",
  title={Performance of the CMS missing transverse momentum reconstruction in pp data at $\sqrt{s}~=~8$ TeV},
  journal={JINST},
  volume={10},
  pages={2006},
  url={http://stacks.iop.org/1748-0221/10/i=02/a=P02006},
  year={2015},
  doi = "10.1088/1748-0221/10/02/P02006",
  eprint = "1411.0511",
  archivePrefix  = "arXiv",
  primaryClass   = "hep-ex",
}

@article{Agrawal:2014una,
      author         = "Agrawal, Prateek and Batell, Brian and Hooper, Dan and
                        Lin, Tongyan",
      title          = "{Flavored Dark Matter and the Galactic Center Gamma-Ray
                        Excess}",
      journal        = "Phys. Rev. D",
      volume         = "90",
      pages          = "063512",
      doi            = "10.1103/PhysRevD.90.063512",
      year           = "2014",
      eprint         = "1404.1373",
      archivePrefix  = "arXiv",
      primaryClass   = "hep-ph",
      reportNumber   = "FERMILAB-PUB-14-069-A-T",
      SLACcitation   = "%%CITATION = ARXIV:1404.1373;%%",
}

@Article{Chatrchyan:2008zzk,
     author    = "Chatrchyan, S. and others",
     collaboration = "CMS",
     title     = "The {CMS} experiment at the {CERN} {LHC}",
     journal   = "JINST",
     volume    = "3",
     year      = "2008",
     pages     = "S08004",
     doi       = "10.1088/1748-0221/3/08/S08004"
}

@Techreport{PF1,
      AUTHOR      = "{CMS Collaboration}",
      COLLABORATION = "{CMS}",
      TITLE       = {Particle--flow event reconstruction in {CMS} and performance for jets, taus, and {\MET}},
      URL         = "http://cdsweb.cern.ch/record/1194487",
      TYPE        = "CMS Physics Analysis Summary",
      NUMBER      = "CMS-PAS-PFT-09-001",
      YEAR        = "2009"
}

@Techreport{PF2,
      AUTHOR      = "{CMS Collaboration}",
      COLLABORATION = "{CMS}",
      TITLE       = {Commissioning of the particle-flow event
                  reconstruction with the first {LHC} collisions
                  recorded in the {CMS} detector},
      URL         = "http://cdsweb.cern.ch/record/1247373",
      TYPE        = "CMS Physics Analysis Summary",
      NUMBER      = "CMS-PAS-PFT-10-011",
      YEAR        = "2010"
}


@techreport{CMS-PAS-PFT-10-001,
      AUTHOR      = "{CMS Collaboration}",
      COLLABORATION = "{CMS}",
      TITLE         = "{Commissioning of the Particle-flow Event Reconstruction
                       with the first LHC collisions recorded in the CMS
                       detector}",
      YEAR          = "2010",
      TYPE          = "CMS Physics Analysis Summary",
      NUMBER        = "CMS-PAS-PFT-10-001",
      URL           = "https://cds.cern.ch/record/1247373",
}

@ARTICLE{antikt,
      author         = "Cacciari, Matteo and Salam, Gavin P. and Soyez, Gregory",
      title          = "{The anti-k$_{\mathrm T}$ jet clustering algorithm}",
      journal        = "JHEP",
      volume         = "04",
      pages          = "063",
      doi            = "10.1088/1126-6708/2008/04/063",
      year           = "2008",
      eprint         = "0802.1189",
      archivePrefix  = "arXiv",
      primaryClass   = "hep-ph",
      reportNumber   = "LPTHE-07-03",
}

@ARTICLE{fastjet,
     AUTHOR       = "Matteo Cacciari and Gavin P. Salam and Gregory Soyez",
     TITLE        = "FastJet user manual",
     JOURNAL      = "Eur. Phys. J. C",
     VOLUME       = "72",
     YEAR         = "2012",
     pages       = "1896",
     eprint    = "1111.6097",
     archivePrefix = "arXiv",
     primaryClass  =  "hep-ph",
     doi       = "10.1140/epjc/s10052-012-1896-2",
     }

@Techreport{btag8TeV,
      COLLABORATION = "{CMS}",
      TITLE       = {Performance of $\cPqb$ tagging at $\sqrt{s} = 8\TeV$ in multijet,
                    $\ttbar$ and boosted topology events},
      URL         = "http://cds.cern.ch/record/1581306",
      TYPE        = "CMS Physics Analysis Summary",
      NUMBER      = "CMS-PAS-BTV-13-001",
      YEAR        = "2013"
}

  	
@article{btag7TeV_old,
  collaboration={CMS},
  title={Identification of b-quark jets with the CMS experiment},
  journal={JINST},
  volume={8},
  pages={4013},
  url={http://stacks.iop.org/1748-0221/8/i=04/a=P04013},
  year={2013},
}

@article{btag7TeV,
      author         = "Chatrchyan, Serguei and others",
      title          = "{Identification of b-quark jets with the CMS experiment}",
      collaboration  = "CMS",
      journal        = "JINST",
      volume         = "8",
      year           = "2013",
      pages          = "4013",
      doi            = "10.1088/1748-0221/8/04/P04013",
      eprint         = "1211.4462",
      archivePrefix  = "arXiv",
      primaryClass   = "hep-ex",
      reportNumber   = "CMS-BTV-12-001, CERN-PH-EP-2012-262",
      SLACcitation   = "%%CITATION = ARXIV:1211.4462;%%"
}

@techreport{CMS-DP-2012-022,
      AUTHOR      = "{CMS Collaboration}",
      COLLABORATION = "{CMS}",
      TITLE       = "{Data Parking and Data Scouting at the CMS Experiment}",
      URL         = "http://cdsweb.cern.ch/record/1247373",
      TYPE        = "CMS Physics Analysis Summary",
      NUMBER      = "CMS-DP-2012-022",
      YEAR        = "2012"
}

@article{Hooper:2010mq,
      author         = "Hooper, Dan and Goodenough, Lisa",
      title          = "{Dark Matter Annihilation in The Galactic Center As Seen
                        by the Fermi Gamma Ray Space Telescope}",
      journal        = "Phys. Lett. B",
      volume         = "697",
      pages          = "412",
      doi            = "10.1016/j.physletb.2011.02.029",
      year           = "2011",
      eprint         = "1010.2752",
      archivePrefix  = "arXiv",
      primaryClass   = "hep-ph",
      reportNumber   = "FERMILAB-PUB-10-414-A",
      SLACcitation   = "%%CITATION = ARXIV:1010.2752;%%",
}

@article{PhysRevD.88.063510,
  title = {Probing dark matter couplings to top and bottom quarks at the LHC},
  author = {Lin, Tongyan and Kolb, Edward W. and Wang, Lian-Tao},
  journal = {Phys. Rev. D},
  volume = {88},
  issue = {6},
  pages = {063510},
  year = {2013},
  publisher = {American Physical Society},
  doi = {10.1103/PhysRevD.88.063510},
  url = {http://link.aps.org/doi/10.1103/PhysRevD.88.063510}
}

@techreport{LHCCLs,
      AUTHOR     = "{CMS and ATLAS Collaborations}",
      title      = "Procedure for the LHC Higgs boson search combination in Summer 2011",
      note       = "CMS-NOTE-2011-005",
      year         = "2011",
}

@article{PhysRevD.85.056011,
  title = {Missing energy signatures of dark matter at the LHC},
  author = {Fox, Patrick J. and Harnik, Roni and Kopp, Joachim and Tsai, Yuhsin},
  journal = {Phys. Rev. D},
  volume = {85},
  issue = {5},
  pages = {056011},
  year = {2012},
  publisher = {American Physical Society},
  doi = {10.1103/PhysRevD.85.056011},
  url = {http://link.aps.org/doi/10.1103/PhysRevD.85.056011},
  eprint         = "1109.4398",
  archivePrefix  = "arXiv",
}

@article{Chatrchyan:2013dga,
      author         = "Chatrchyan, Serguei and others",
      title          = "{Energy calibration and resolution of the CMS
                        electromagnetic calorimeter in pp collisions at
                         $\sqrt{s}$ = 7 TeV}",
      collaboration  = "CMS",
      year           = "2013",
      journal        = "JINST",
      volume         = "8",
      pages          = "P09009",
      eprint         = "1306.2016",
      doi  =  "10.1088/1748-0221/8/09/P09009",
      archivePrefix  = "arXiv",
      primaryClass   = "hep-ex",
      reportNumber   = "CMS-EGM-11-001, CERN-PH-EP-2013-097",
      SLACcitation   = "%%CITATION = ARXIV:1306.2016;%%",
}

@Article{Alwall:2014hca,
      author         = "Alwall, J. and Frederix, R. and Frixione, S. and Hirschi,
                        V. and Maltoni, F. and others",
      title          = "{The automated computation of tree-level and
                        next-to-leading order differential cross sections, and
                        their matching to parton shower simulations}",
      journal        = "JHEP",
      volume         = "07",
      pages          = "079",
      doi            = "10.1007/JHEP07(2014)079",
      year           = "2014",
      eprint         = "1405.0301",
      archivePrefix  = "arXiv",
      primaryClass   = "hep-ph",
      reportNumber   = "CERN-PH-TH-2014-064, CP3-14-18, LPN14-066, MCNET-14-09,
                        ZU-TH-14-14"
}

@article{Alwall:2011uj,
      author         = "Alwall, Johan and Herquet, Michel and Maltoni, Fabio and
                        Mattelaer, Olivier and Stelzer, Tim",
      title          = "{MadGraph5: going beyond}",
      journal        = "JHEP",
      volume         = "06",
      pages          = "128",
      doi            = "10.1007/JHEP06(2011)128",
      year           = "2011",
      eprint         = "1106.0522",
      archivePrefix  = "arXiv",
      primaryClass   = "hep-ph",
      reportNumber   = "FERMILAB-PUB-11-448-T"
}

@article{Sjostrand:2006za,
  author = {Sj\"ostrand, Torbjorn and Mrenna, Stephen and Skands, Peters},
   title          = "{PYTHIA 6.4 physics and manual}",
      journal        = "JHEP",
      volume         = "05",
      pages          = "026",
      doi            = "10.1088/1126-6708/2006/05/026",
      year           = "2006",
      eprint         = "hep-ph/0603175",
      archivePrefix  = "arXiv",
      primaryClass   = "hep-ph",
      reportNumber   = "FERMILAB-PUB-06-052-CD-T, LU-TP-06-13"
}

% mlm
@unpublished{Hoche:2006ph,
      author         = "Hoeche, Stefan and Krauss, Frank and Lavesson, Nils and
                        Lonnblad, Leif and Mangano, Michelangelo and others",
      title          = "{Matching parton showers and matrix elements}",
      year           = "2006",
      eprint         = "hep-ph/0602031",
      archivePrefix  = "arXiv",
      primaryClass   = "hep-ph",
}

% G4
@Article{G4,
     author    = "Agostinelli, S. and others",
 collaboration = "GEANT4",
     title     = "{GEANT4: a simulation toolkit}",
     journal   = "Nucl. Instrum. Meth. A",
     volume    = "506",
     year      = "2003",
     pages     = "250",
     doi       = "10.1016/S0168-9002(03)01368-8"
}

@Unpublished{bib:Z2star,
      author         = "Field, Rick",
      title          = "{Early LHC Underlying Event Data - Findings and
                        Surprises}",
      year           = "2010",
      eprint         = "1010.3558",
      archivePrefix  = "arXiv",
      primaryClass   = "hep-ph",
      SLACcitation   = "%%CITATION = ARXIV:1010.3558;%%",                                                     
}

@Article{bib:SYST_CTEQ6M,
     author    = "J. Pumplin and D. Stump and J. Huston and H.-L. Lai and  P. Nadolsky1 and W.-K. Tung",
     title     = "New generation of parton distributions with uncertainties from global QCD analysis",
     journal   = "JHEP",
     volume    = "07",
     year      = "2002",
     eprint         = "hep-ph/0201195",
     archivePrefix  = "arXiv",
     primaryClass   = "hep-ph",
     pages     = "012",
     doi       = "10.1088/1126-6708/2002/07/012"
}

@article{razorPRL,
  author         = "Chatrchyan, Serguei and others",
      title          = "{Inclusive search for supersymmetry using the razor
                        variables in pp collisions at $\sqrt{s}~=~7$ TeV}",
      collaboration  = "CMS",
      journal        = "Phys.~Rev.~Lett.",
      volume         = "111",
      pages          = "081802",
      doi            = "10.1103/PhysRevLett.111.081802",
      year           = "2013",
      eprint         = "1212.6961",
      archivePrefix  = "arXiv",
      primaryClass   = "hep-ex",
      reportNumber   = "CMS-SUS-11-024, CERN-PH-EP-2012-332"
}

@article{Aad:2012naa,
      author         = "Aad, Georges and others",
      title          = "{Multi-channel search for squarks and gluinos in
                        $\sqrt{s}=7$ TeV pp collisions with the ATLAS detector}",
      collaboration  = "ATLAS Collaboration",
      journal        = "Eur. Phys. J. C",
      volume         = "73",
      pages          = "2362",
      doi            = "10.1140/epjc/s10052-013-2362-5",
      year           = "2013",
      eprint         = "1212.6149",
      archivePrefix  = "arXiv",
      primaryClass   = "hep-ex",
      reportNumber   = "CERN-PH-EP-2012-330",
      SLACcitation   = "%%CITATION = ARXIV:1212.6149;%%",
}

@article{Chatrchyan:2014goa,
      author         = "Chatrchyan, Serguei and others",
      title          = "{Search for supersymmetry with razor variables in pp
                        collisions at $\sqrt{s}$ = 7 ~TeV}",
      collaboration  = "CMS",
      journal        = "Phys. Rev. D",
      volume         = "90",
      pages          = "112001",
      doi            = "10.1103/PhysRevD.90.112001",
      year           = "2014",
      eprint         = "1405.3961",
      archivePrefix  = "arXiv",
      primaryClass   = "hep-ex",
      reportNumber   = "CMS-SUS-12-005, CERN-PH-EP-2014-057",
      SLACcitation   = "%%CITATION = ARXIV:1405.3961;%%",
}

@TECHREPORT{Razor8TeV_PAS,
      title          = "{Search for supersymmetry using razor variables in
                        events with b-jets in pp collisions at 8 TeV}",
      collaboration  = "CMS",
      URL         = "http://cdsweb.cern.ch/record/1596446",
      year           = "2013",
      TYPE        = "CMS Physics Analysis Summary",
      Number   = "CMS-PAS-SUS-13-004",      
      SLACcitation   = "%%CITATION = CMS-PAS-SUS-13-004 ETC.;%%",
}

@article{Razor8TeV,
title = {Search for supersymmetry using razor variables in events with b-tagged jets in pp collisions at $\sqrt{s} = 8\text{ }\text{ }\mathrm{TeV}$},
  collaboration = {CMS},
  journal = {Phys. Rev. D},
  volume = {91},
  issue = {5},
  pages = {052018},
  numpages = {28},
  year = {2015},
  publisher = {American Physical Society},
  doi = {10.1103/PhysRevD.91.052018},
  url = {http://link.aps.org/doi/10.1103/PhysRevD.91.052018},
  eprint = "1502.00300",
  archivePrefix  = "arXiv",
}


@article{Riotto1,
      author         = "Busoni, Giorgio and De Simone, Andrea and Morgante,
                        Enrico and Riotto, Antonio",
      title          = "{On the Validity of the Effective Field Theory for Dark
                        Matter Searches at the LHC}",
      journal        = "Phys. Lett. B",
      volume         = "728",
      pages          = "412",
      doi            = "10.1016/j.physletb.2013.11.069",
      year           = "2014",
      eprint         = "1307.2253",
      archivePrefix  = "arXiv",
      primaryClass   = "hep-ph",
      reportNumber   = "CERN-PH-TH-2013-151, SISSA-29-2013-FISI",
      SLACcitation   = "%%CITATION = ARXIV:1307.2253;%%",
}

@article{Riotto2,
      author         = "Busoni, Giorgio and De Simone, Andrea and Gramling,
                        Johanna and Morgante, Enrico and Riotto, Antonio",
      title          = "{On the Validity of the Effective Field Theory for Dark
                        Matter Searches at the LHC, Part II: Complete Analysis for
                        the $s$-channel}",
      journal        = "JCAP",
      volume         = "06",
      pages          = "060",
      doi            = "10.1088/1475-7516/2014/06/060",
      year           = "2014",
      eprint         = "1402.1275",
      archivePrefix  = "arXiv",
      primaryClass   = "hep-ph",
      reportNumber   = "SISSA-04-2014-FISI",
      SLACcitation   = "%%CITATION = ARXIV:1402.1275;%%",
}

@article{Riotto3,
      author         = "Busoni, Giorgio and De Simone, Andrea and Jacques, Thomas
                        and Morgante, Enrico and Riotto, Antonio",
      title          = "{On the Validity of the Effective Field Theory for Dark
                        Matter Searches at the LHC Part III: Analysis for the
                        $t$-channel}",
      journal        = "JCAP",
      volume         = "09",
      pages          = "022",
      doi            = "10.1088/1475-7516/2014/09/022",
      year           = "2014",
      eprint         = "1405.3101",
      archivePrefix  = "arXiv",
      primaryClass   = "hep-ph",
      SLACcitation   = "%%CITATION = ARXIV:1405.3101;%%",
}

% MONOX

@UNPUBLISHED{Khachatryan:2014rwa,
      author         = "Khachatryan, Vardan and others",
      title          = "{Search for new phenomena in monophoton final states in proton-proton collisions at $\sqrt{s} = 8$~TeV}",
      collaboration  = "CMS",
      year           = "2014",
      eprint         = "1410.8812",
      archivePrefix  = "arXiv",
      primaryClass   = "hep-ex",
      reportNumber   = "CMS-EXO-12-047, CERN-PH-EP-2014-253",
      SLACcitation   = "%%CITATION = ARXIV:1410.8812;%%",
}

@article{Aad:2014vea,
      author         = "Aad, G. and others",
      title          = "{Search for dark matter in events with heavy quarks and
                        missing transverse momentum in pp collisions with the
                        ATLAS detector}",
      collaboration  = "ATLAS",
      journal        = "Eur. Phys. J. C",
      volume         = "75",
      pages          = "92",
      doi            = "10.1140/epjc/s10052-015-3306-z",
      year           = "2015", 
      eprint         = "1410.4031",
      archivePrefix  = "arXiv",
      primaryClass   = "hep-ex",
      reportNumber   = "CERN-PH-EP-2014-229",
      SLACcitation   = "%%CITATION = ARXIV:1410.4031;%%",
}

@article{Aad:2014vka,
      author         = "Aad, Georges and others",
      title          = "{Search for dark matter in events with a Z boson and
                        missing transverse momentum in pp collisions at
                        $\sqrt{s}$ = 8 TeV with the ATLAS detector}",
      collaboration  = "ATLAS",
      journal        = "Phys. Rev. D",
      volume         = "90",
      pages          = "012004",
      doi            = "10.1103/PhysRevD.90.012004",
      year           = "2014",
      eprint         = "1404.0051",
      archivePrefix  = "arXiv",
      primaryClass   = "hep-ex",
      reportNumber   = "CERN-PH-EP-2013-231",
      SLACcitation   = "%%CITATION = ARXIV:1404.0051;%%",
}

@article{Aad:2013oja,
      author         = "Aad, Georges and others",
      title          = "{Search for dark matter in events with a hadronically
                        decaying W or Z boson and missing transverse momentum in
                        pp collisions at $\sqrt{s}=$ 8 TeV with the ATLAS
                        detector}",
      collaboration  = "ATLAS",
      journal        = "Phys. Rev. Lett.",
      volume         = "112",
      pages          = "041802",
      doi            = "10.1103/PhysRevLett.112.041802",
      year           = "2014",
      eprint         = "1309.4017",
      archivePrefix  = "arXiv",
      primaryClass   = "hep-ex",
      reportNumber   = "CERN-PH-EP-2013-158",
      SLACcitation   = "%%CITATION = ARXIV:1309.4017;%%",
}

@TECHREPORT{CMS:2014mxa,
      title          = "Search for the Production of Dark Matter in Association
                        with Top Quark Pairs in the Di-lepton Final State in pp
                        collisions at $\sqrt{s} = 8$ TeV",
      collaboration  = "CMS",
      URL         = "http://cdsweb.cern.ch/record/1697173",
      TYPE        = "CMS Physics Analysis Summary",
      Number      = "CMS-PAS-B2G-13-004",
      year        = "2014",
}

@TECHREPORT{CMS:b2g12-022_PAS,
      title          = "{Search for new physics with monotop final states in pp collisions at $\sqrt{s} = 8$ TeV}",
      collaboration  = "CMS",
      year           = "2014",
      Number   = "CMS-PAS-B2G-12-022",
      TYPE        = "CMS Physics Analysis Summary",
      URL         = "http://cdsweb.cern.ch/record/1749153",
}

@article{CMS:b2g12-022,
  title = {Search for Monotop Signatures in Proton-Proton Collisions at $\sqrt{s} = 8\text{ }\text{ }\mathrm{TeV}$},
  author = {Khachatryan, V.},
  collaboration = {CMS},
  journal = {Phys. Rev. Lett.},
  volume = {114},
  issue = {10},
  pages = {101801},
  numpages = {16},
  year = {2015},
  publisher = {American Physical Society},
  doi = {10.1103/PhysRevLett.114.101801},
  url = {http://link.aps.org/doi/10.1103/PhysRevLett.114.101801},
  eprint         = "1410.1149",
  archivePrefix  = "arXiv",
}

@TECHREPORT{CMS:semilepTop_PAS,
      title          = "{Search for the Production of Dark Matter in
                  Association with Top Quark Pairs in the
                  Single-lepton Final State in pp collisions at
                  $\sqrt{s} = 8$ TeV}",
      collaboration  = "CMS",
      year           = "2014",
      Number   = "CMS-PAS-B2G-14-004",
      TYPE        = "CMS Physics Analysis Summary",
      URL         = "http://cdsweb.cern.ch/record/1749153",
}

@article{CMS:semilepTop,
collaboration = "CMS",
title="Search for the production of dark matter in association with top-quark pairs in the single-lepton final state in proton-proton collisions at $\sqrt{s} = 8$ TeV",
journal        = "JHEP",
volume         = "06",
pages          = "121",
doi            = "10.1007/JHEP06(2015)121",
year           = "2015",
eprint         = "1402.2285",
archivePrefix  = "arXiv",
primaryClass   = "hep-ph",
}

@article{CoGeNT,
  title = {Results from a Search for Light-Mass Dark Matter with a $p$-Type Point Contact Germanium Detector},
  collaboration = {CoGeNT},
  journal = {Phys. Rev. Lett.},
  volume = {106},
  issue = {13},
  pages = {131301},
  year = {2011},
  publisher = {American Physical Society},
  doi = {10.1103/PhysRevLett.106.131301},
}

@article{SIMPLE,
  title = {Final Analysis and Results of the Phase II SIMPLE Dark Matter Search},
  collaboration = {SIMPLE},
  journal = {Phys. Rev. Lett.},
  volume = {108},
  issue = {20},
  pages = {201302},
  numpages = {5},
  year = {2012},
  publisher = {American Physical Society},
  doi = {10.1103/PhysRevLett.108.201302},
  eprint         = "1106.3014",
  archivePrefix  = "arXiv",
}

@article{COUPP,
  title = {First dark matter search results from a 4-kg ${\mathrm{CF}}_{3}\mathbf{I}$ bubble chamber operated in a deep underground site},
  collaboration = {COUPP},
  journal = {Phys. Rev. D},
  volume = {86},
  issue = {5},
  pages = {052001},
  numpages = {9},
  year = {2012},
  publisher = {American Physical Society},
  doi = {10.1103/PhysRevD.86.052001},
  eprint         = "1204.3094",
  archivePrefix  = "arXiv",
}

@article{CDMS-II,
  title = {Dark Matter Search Results from the CDMS II Experiment},
  collaboration = {CDMS-II},
  journal = {Science},
  volume = {86},
  issue = {5},
  pages = {052001},
  numpages = {9},
  year = {2012},
  publisher = {American Physical Society},
  doi = {10.1126/science.1186112}, 
  arxiv = {arXiv:0912.3592.},
}

@article{CDMS,
  title = {Results from a Low-Energy Analysis of the CDMS II Germanium Data},
  collaboration = {CDMS},
  journal = {Phys. Rev. Lett.},
  volume = {106},
  issue = {13},
  pages = {131302},
  numpages = {5},
  year = {2011},
  publisher = {American Physical Society},
  doi = {10.1103/PhysRevLett.106.131302},
  arxiv = {arXiv:1011.2482.},
}

@article{SuperCDMS,
  title = {Search for Low-Mass Weakly Interacting Massive Particles Using Voltage-Assisted Calorimetric Ionization Detection in the SuperCDMS Experiment},
  collaboration = {SuperCDMS},
  journal = {Phys. Rev. Lett.},
  volume = {112},
  issue = {4},
  pages = {041302},
  numpages = {6},
  year = {2014},
  publisher = {American Physical Society},
  doi = {10.1103/PhysRevLett.112.041302},
  eprint         = "1309.3259",
  archivePrefix  = "arXiv",
}

@article{XENON100,
  title = {Dark Matter Results from 100 Live Days of XENON100 Data},
  collaboration = {XENON100},
  journal = {Phys. Rev. Lett.},
  volume = {107},
  issue = {13},
  pages = {131302},
  numpages = {6},
  year = {2011},
  publisher = {American Physical Society},
  doi = {10.1103/PhysRevLett.107.131302},
  eprint         = "1104.2549",
  archivePrefix  = "arXiv",
}


@article{LUX,
  title = {First Results from the LUX Dark Matter Experiment at the Sanford Underground Research Facility},
  collaboration = {LUX},
  journal = {Phys. Rev. Lett.},
  volume = {112},
  issue = {9},
  pages = {091303},
  numpages = {7},
  year = {2014},
  publisher = {American Physical Society},
  doi = {10.1103/PhysRevLett.112.091303},
  eprint         = "1310.8214",
  archivePrefix  = "arXiv",
}

@article{Super-Kamiokande,
  title = {An Indirect Search for WIMPs in the Sun using 3109.6 Days of Upward-going Muons in Super-Kamiokande},
  collaboration = {Super-Kamiokande},
  journal = {Astrophys. J.},
  volume = {742},
  issue = {78},
  pages = {78},
  numpages = {78},
  year = {2011},
  publisher = {American Physical Society},
  doi = {doi:10.1088/0004-637X/742/2/78},
  eprint         = "1108.3384",
  archivePrefix  = "arXiv",
}

@article{IceCube,
  title = {Multiyear search for dark matter annihilations in the Sun with the AMANDA-II and IceCube detectors},
  collaboration = {IceCube},
  journal = {Phys. Rev. D},
  volume = {85},
  issue = {4},
  pages = {042002},
  numpages = {14},
  year = {2012},
  publisher = {American Physical Society},
  doi = {10.1103/PhysRevD.85.042002},
  eprint         = "1112.1840",
  archivePrefix  = "arXiv",
}

@article{jetarea_fastjet,
      author         = "Cacciari, Matteo and Salam, Gavin P. and Soyez, Gregory",
      title          = "{FastJet User Manual}",
      journal        = "Eur. Phys. J. C",
      volume         = "72",
      pages          = "1896",
      doi            = "10.1140/epjc/s10052-012-1896-2",
      year           = "2012",
      eprint         = "1111.6097",
      archivePrefix  = "arXiv",
      primaryClass   = "hep-ph",
      reportNumber   = "CERN-PH-TH-2011-297",
      SLACcitation   = "%%CITATION = ARXIV:1111.6097;%%",
}
@Article{jetarea_fastjet_pu,
    author         = "Cacciari, Matteo and Salam, Gavin P.",
      title          = "Pileup subtraction using jet areas",
      journal        = "Phys. Lett. B",
      volume         = "659",
      pages          = "119",
      doi            = "10.1016/j.physletb.2007.09.077",
      year           = "2008",
      eprint         = "0707.1378",
      archivePrefix  = "arXiv",
      primaryClass   = "hep-ph",
      reportNumber   = "LPTHE-07-01",
      SLACcitation   = "%%CITATION = ARXIV:0707.1378;%%",
}

@article{1748-0221-6-11-P11002,
      author         = "Chatrchyan, Serguei and others",
      title          = "Determination of Jet Energy Calibration and Transverse
                        Momentum Resolution in CMS",
      collaboration  = "CMS",
      journal        = "JINST",
      volume         = "6",
      pages          = "P11002",
      doi            = "10.1088/1748-0221/6/11/P11002",
      year           = "2011",
      eprint         = "1107.4277",
      archivePrefix  = "arXiv",
      primaryClass   = "physics.ins-det",
      reportNumber   = "CERN-PH-EP-2011-102, CMS-JME-10-011",
      SLACcitation   = "%%CITATION = ARXIV:1107.4277;%%",
}

@article{ElectronsCMS,
 author = "Khachatryan, Vardan and others",
 title = "{Performance of electron reconstruction and selection with the CMS detector in proton-proton collisions at $\sqrt{s} = 8$\TeV}",
 collaboration = "CMS",
 journal = "JINST",
 volume = "10",
 pages = "P06005",
 doi = "10.1088/1748-0221/10/06/P06005",
 year = "2015",
 eprint = "1502.02701",
 archivePrefix = "arXiv",
 primaryClass = "physics.ins-det",
 reportNumber = "CMS-EGM-13-001,
 CERN-PH-EP-2015-004",
 SLACcitation = "%%CITATION = ARXIV:1502.02701;%%",
 }

@article{Cen:2000xv,
      author         = "Cen, Renyue",
      title          = "{Decaying cold dark matter model and small-scale power}",
      journal        = "Astrophys. J.",
      volume         = "546",
      year           = "2001",
      pages          = "L77-L80",
      doi            = "10.1086/318861",
      eprint         = "astro-ph/0005206",
      archivePrefix  = "arXiv",
      primaryClass   = "astro-ph",
      SLACcitation   = "%%CITATION = ASTRO-PH/0005206;%%"
}

@article{maverickDM,
year={2010},
journal={JHEP},
eid={37},
volume={09},
pages={037},
doi={10.1007/JHEP09(2010)037},
title={Maverick dark matter at colliders},
url={http://dx.doi.org/10.1007/JHEP09%282010%29037},
publisher={Springer-Verlag},
eprint         = "1002.4137",
archivePrefix  = "arXiv",
keywords={Beyond Standard Model; Hadronic Colliders},
author={Beltr\'an, Maria and Hooper, Dan and Kolb, EdwardW. and Krusberg, ZosiaA.C. and Tait, TimM.P.},
language={English}
}

@article{Goodman:2010ku,
      author         = "Goodman, Jessica and Ibe, Masahiro and Rajaraman, Arvind
                        and Shepherd, William and Tait, Tim M.P. and others",
      title          = "{Constraints on Dark Matter from Colliders}",
      journal        = "Phys. Rev. D",
      volume         = "82",
      pages          = "116010",
      doi            = "10.1103/PhysRevD.82.116010",
      year           = "2010",
      eprint         = "1008.1783",
      archivePrefix  = "arXiv",
      primaryClass   = "hep-ph",
      reportNumber   = "UCI-HEP-TR-2010-15",
      SLACcitation   = "%%CITATION = ARXIV:1008.1783;%%",
}

@article{Friedland:2011za,
      author         = "Friedland, Alexander and Graesser, Michael L. and
                        Shoemaker, Ian M. and Vecchi, Luca",
      title          = "{Probing Nonstandard Standard Model Backgrounds with LHC
                        Monojets}",
      journal        = "Phys. Lett. B",
      volume         = "714",
      year           = "2012",
      pages          = "267",
      doi            = "10.1016/j.physletb.2012.06.078",
      eprint         = "1111.5331",
      archivePrefix  = "arXiv",
      primaryClass   = "hep-ph",
      reportNumber   = "LA-UR-11-11724",
      SLACcitation   = "%%CITATION = ARXIV:1111.5331;%%"
}

@article{Buchmueller:2013dya,
      author         = "Buchmueller, O. and Dolan, Matthew J. and McCabe,
                        Christopher",
      title          = "{Beyond Effective Field Theory for Dark Matter Searches
                        at the LHC}",
      journal        = "JHEP",
      volume         = "01",
      year           = "2014",
      pages          = "025",
      doi            = "10.1007/JHEP01(2014)025",
      eprint         = "1308.6799",
      archivePrefix  = "arXiv",
      primaryClass   = "hep-ph",
      reportNumber   = "IPPP-13-63, DCPT-13-128",
      SLACcitation   = "%%CITATION = ARXIV:1308.6799;%%"
}

@article{TevatronDMFrontier,
      author         = "Bai, Yang and Fox, Patrick J. and Harnik, Roni",
      title          = "{The Tevatron at the Frontier of Dark Matter Direct
                        Detection}",
      journal        = "JHEP",
      volume         = "12",
      pages          = "048",
      doi            = "10.1007/JHEP12(2010)048",
      year           = "2010",
      eprint         = "1005.3797",
      archivePrefix  = "arXiv",
      primaryClass   = "hep-ph",
      reportNumber   = "FERMILAB-PUB-10-143-T",
      SLACcitation   = "%%CITATION = ARXIV:1005.3797;%%",
}

@techreport{LHC_CLS,
      AUTHOR      = "{ATLAS Collaboration}",
      COLLABORATION = "{ATLAS}",
      title         = "{Procedure for the LHC Higgs boson search combination in
                       summer 2011}",
      number        = "ATL-PHYS-PUB-2011-011",
      year          = "2011",
      reportNumber  = "ATL-PHYS-PUB-2011-011",
      url           = "https://cds.cern.ch/record/1375842",
}

@inproceedings{Bourilkov:2006cj,
      author         = "Bourilkov, D and Group, R C and Whalley, M R",
      title          = "{LHAPDF: PDF use from the Tevatron to the LHC}",
      booktitle      = "{TeV4LHC Workshop - 4th meeting Batavia, Illinois,
                        October 20-22, 2005}",
      year           = "2006",
      eprint         = "hep-ph/0605240",
      archivePrefix  = "arXiv",
      primaryClass   = "hep-ph",
      SLACcitation   = "%%CITATION = HEP-PH/0605240;%%"
}

@unpublished{Alekhin:2011sk,
      author         = "Alekhin, Sergey and others",
      title          = "{The PDF4LHC Working Group Interim Report}",
      year           = "2011",
      eprint         = "1101.0536",
      archivePrefix  = "arXiv",
      primaryClass   = "hep-ph",
      SLACcitation   = "%%CITATION = ARXIV:1101.0536;%%"
}

@unpublished{Botje:2011sn,
      author         = "Botje, Michiel and others",
      title          = "{The PDF4LHC Working Group Interim Recommendations}",
      year           = "2011",
      eprint         = "1101.0538",
      archivePrefix  = "arXiv",
      primaryClass   = "hep-ph",
      SLACcitation   = "%%CITATION = ARXIV:1101.0538;%%"
}

@article{Nadolsky:2008zw,
      author         = "Nadolsky, Pavel M. and Lai, Hung-Liang and Cao, Qing-Hong
                        and Huston, Joey and Pumplin, Jon and Stump, Daniel and
                        Tung, Wu-Ki and Yuan, C. -P.",
      title          = "{Implications of CTEQ global analysis for collider
                        observables}",
      journal        = "Phys. Rev. D",
      volume         = "78",
      year           = "2008",
      pages          = "013004",
      doi            = "10.1103/PhysRevD.78.013004",
      eprint         = "0802.0007",
      archivePrefix  = "arXiv",
      primaryClass   = "hep-ph",
      reportNumber   = "MSUHEP-080125, UCRHEP-T447",
      SLACcitation   = "%%CITATION = ARXIV:0802.0007;%%"
}

@article{Martin:2007bv,
      author         = "Martin, A. D. and Stirling, W. J. and Thorne, R. S. and
                        Watt, G.",
      title          = "{Update of parton distributions at NNLO}",
      journal        = "Phys. Lett. B",
      volume         = "652",
      year           = "2007",
      pages          = "292",
      doi            = "10.1016/j.physletb.2007.07.040",
      eprint         = "0706.0459",
      archivePrefix  = "arXiv",
      primaryClass   = "hep-ph",
      reportNumber   = "IPPP-07-23, DCPT-07-46",
      SLACcitation   = "%%CITATION = ARXIV:0706.0459;%%"
}

@article{Angloher:2014myn,
      author         = "Angloher, G. and others",
      title          = "{Results on low mass WIMPs using an upgraded CRESST-II
                        detector}",
      collaboration  = "CRESST-II",
      journal        = "Eur. Phys. J. C",
      volume         = "74",
      year           = "2014",
      pages          = "3184",
      doi            = "10.1140/epjc/s10052-014-3184-9",
      eprint         = "1407.3146",
      archivePrefix  = "arXiv",
      primaryClass   = "astro-ph.CO",
      SLACcitation   = "%%CITATION = ARXIV:1407.3146;%%"
}

@unpublished{Angloher:2015ewa,
      author         = "Angloher, G. and others",
      title          = "{Results on light dark matter particles with a
                        low-threshold CRESST-II detector}",
      collaboration  = "CRESST",
      year           = "2015",
      eprint         = "1509.01515",
      archivePrefix  = "arXiv",
      primaryClass   = "astro-ph.CO",
      SLACcitation   = "%%CITATION = ARXIV:1509.01515;%%"
}

@article{Amole:2015lsj,
      author         = "Amole, C. and others",
      title          = "{Dark Matter Search Results from the PICO-2L C$_3$F$_8$
                        Bubble Chamber}",
      collaboration  = "PICO",
      journal        = "Phys. Rev. Lett.",
      volume         = "114",
      year           = "2015",
      pages          = "231302",
      doi            = "10.1103/PhysRevLett.114.231302",
      eprint         = "1503.00008",
      archivePrefix  = "arXiv",
      primaryClass   = "astro-ph.CO",
      reportNumber   = "FERMILAB-PUB-14-456-AE-E",
      SLACcitation   = "%%CITATION = ARXIV:1503.00008;%%"
}

@article{Aprile:2013doa,
      author         = "Aprile, E. and others",
      title          = "{Limits on spin-dependent WIMP-nucleon cross sections
                        from 225 live days of XENON100 data}",
      collaboration  = "XENON100",
      journal        = "Phys. Rev. Lett.",
      volume         = "111",
      year           = "2013",
      pages          = "021301",
      doi            = "10.1103/PhysRevLett.111.021301",
      eprint         = "1301.6620",
      archivePrefix  = "arXiv",
      primaryClass   = "astro-ph.CO",
      SLACcitation   = "%%CITATION = ARXIV:1301.6620;%%"
}

@article{Archambault:2012pm,
      author         = "Archambault, S. and others",
      title          = "{Constraints on Low-Mass WIMP Interactions on $^{19}F$
                        from PICASSO}",
      collaboration  = "PICASSO",
      journal        = "Phys. Lett. B",
      volume         = "711",
      year           = "2012",
      pages          = "153",
      doi            = "10.1016/j.physletb.2012.03.078",
      eprint         = "1202.1240",
      archivePrefix  = "arXiv",
      primaryClass   = "hep-ex",
      SLACcitation   = "%%CITATION = ARXIV:1202.1240;%%"
}





@unpublished{Aad:2015dva,
      author         = "Aad, Georges and others",
      title          = "{Search for dark matter produced in association with a
                        Higgs boson decaying to two bottom quarks in pp
                        collisions at $\sqrt{s} = 8$ TeV with the ATLAS detector}",
      collaboration  = "ATLAS",
      year           = "2015",
      eprint         = "1510.06218",
      archivePrefix  = "arXiv",
      primaryClass   = "hep-ex",
      reportNumber   = "CERN-PH-EP-2015-247",
      SLACcitation   = "%%CITATION = ARXIV:1510.06218;%%"
}


@article{Aad:2015yga,
      author         = "Aad, Georges and others",
      title          = "{Search for Dark Matter in Events with Missing Transverse
                        Momentum and a Higgs Boson Decaying to Two Photons in pp
                        Collisions at $\sqrt{s}=8$ TeV with the ATLAS Detector}",
      collaboration  = "ATLAS",
      journal        = "Phys. Rev. Lett.",
      volume         = "115",
      year           = "2015",
      pages          = "131801",
      doi            = "10.1103/PhysRevLett.115.131801",
      eprint         = "1506.01081",
      archivePrefix  = "arXiv",
      primaryClass   = "hep-ex",
      reportNumber   = "CERN-PH-EP-2015-120",
      SLACcitation   = "%%CITATION = ARXIV:1506.01081;%%"
}

@article{ATLAS:2014wra,
      author         = "Aad, Georges and others",
      title          = "{Search for new particles in events with one lepton and
                        missing transverse momentum in pp collisions at
                        $\sqrt{s}$ = 8 TeV with the ATLAS detector}",
      collaboration  = "ATLAS",
      journal        = "JHEP",
      volume         = "09",
      year           = "2014",
      pages          = "037",
      doi            = "10.1007/JHEP09(2014)037",
      eprint         = "1407.7494",
      archivePrefix  = "arXiv",
      primaryClass   = "hep-ex",
      reportNumber   = "CERN-PH-EP-2014-139",
      SLACcitation   = "%%CITATION = ARXIV:1407.7494;%%"
}

@article{Khachatryan:2014tva,
      author         = "Khachatryan, Vardan and others",
      title          = "{Search for physics beyond the standard model in final
                        states with a lepton and missing transverse energy in
                        proton-proton collisions at sqrt(s) = 8 TeV}",
      collaboration  = "CMS",
      journal        = "Phys. Rev. D",
      volume         = "91",
      year           = "2015",
      pages          = "092005",
      doi            = "10.1103/PhysRevD.91.092005",
      eprint         = "1408.2745",
      archivePrefix  = "arXiv",
      primaryClass   = "hep-ex",
      reportNumber   = "CMS-EXO-12-060, CERN-PH-EP-2014-176",
      SLACcitation   = "%%CITATION = ARXIV:1408.2745;%%"
}

@article{Aad:2014tda,
      author         = "Aad, Georges and others",
      title          = "{Search for new phenomena in events with a photon and
                        missing transverse momentum in pp collisions at
                        $\sqrt{s}=8$ TeV with the ATLAS detector}",
      collaboration  = "ATLAS",
      journal        = "Phys. Rev. D",
      volume         = "91",
      year           = "2015",
      pages          = "012008",
      doi            = "10.1103/PhysRevD.92.059903, 10.1103/PhysRevD.91.012008",
      note           = "[Erratum: Phys. Rev. D 92 (2015) 059903]",
      eprint         = "1411.1559",
      archivePrefix  = "arXiv",
      primaryClass   = "hep-ex",
      reportNumber   = "CERN-PH-EP-2014-245",
      SLACcitation   = "%%CITATION = ARXIV:1411.1559;%%"
}

@article{Aad:2014vea,
      author         = "Aad, Georges and others",
      title          = "{Search for dark matter in events with heavy quarks and
                        missing transverse momentum in pp collisions with the
                        ATLAS detector}",
      collaboration  = "ATLAS",
      journal        = "Eur. Phys. J.",
      volume         = "C 75",
      year           = "2015",
      number         = "2",
      pages          = "92",
      doi            = "10.1140/epjc/s10052-015-3306-z",
      eprint         = "1410.4031",
      archivePrefix  = "arXiv",
      primaryClass   = "hep-ex",
      reportNumber   = "CERN-PH-EP-2014-229",
      SLACcitation   = "%%CITATION = ARXIV:1410.4031;%%"
}

@article{Khachatryan:2015nua,
      author         = "Khachatryan, Vardan and others",
      title          = "{Search for the production of dark matter in association
                        with top-quark pairs in the single-lepton final state in
                        proton-proton collisions at sqrt(s) = 8 TeV}",
      collaboration  = "CMS",
      journal        = "JHEP",
      volume         = "06",
      year           = "2015",
      pages          = "121",
      doi            = "10.1007/JHEP06(2015)121",
      eprint         = "1504.03198",
      archivePrefix  = "arXiv",
      primaryClass   = "hep-ex",
      reportNumber   = "CMS-B2G-14-004, CERN-PH-EP-2015-087",
      SLACcitation   = "%%CITATION = ARXIV:1504.03198;%%"
}

@inproceedings{Field:2010bc,
      author         = "Field, Rick",
      title          = "{Early LHC Underlying Event Data - Findings and
                        Surprises}",
      booktitle      = "{Hadron collider physics. Proceedings, 22nd Conference,
                        HCP 2010, Toronto, Canada, August 23-27, 2010}",
      url            = "http://inspirehep.net/record/873443/files/arXiv:1010.3558.pdf",
      eprint         = "1010.3558",
      archivePrefix  = "arXiv",
      primaryClass   = "hep-ph",
      SLACcitation   = "%%CITATION = ARXIV:1010.3558;%%"
}

@article{Pumplin:2002vw,
      author         = "Pumplin, J. and Stump, D. R. and Huston, J. and Lai, H.
                        L. and Nadolsky, Pavel M. and Tung, W. K.",
      title          = "{New generation of parton distributions with
                        uncertainties from global QCD analysis}",
      journal        = "JHEP",
      volume         = "07",
      year           = "2002",
      pages          = "012",
      doi            = "10.1088/1126-6708/2002/07/012",
      eprint         = "hep-ph/0201195",
      archivePrefix  = "arXiv",
      primaryClass   = "hep-ph",
      reportNumber   = "MSU-HEP-011101",
      SLACcitation   = "%%CITATION = HEP-PH/0201195;%%"
}

@article{Lin:2013sca,
      author         = "Lin, Tongyan and Kolb, Edward W. and Wang, Lian-Tao",
      title          = "{Probing dark matter couplings to top and bottom quarks
                        at the LHC}",
      journal        = "Phys. Rev. D",
      volume         = "88",
      year           = "2013",
      pages          = "063510",
      doi            = "10.1103/PhysRevD.88.063510",
      eprint         = "1303.6638",
      archivePrefix  = "arXiv",
      primaryClass   = "hep-ph",
      SLACcitation   = "%%CITATION = ARXIV:1303.6638;%%"
}

@techreport{CMS-NOTE-2011-005,
      AUTHOR      = "{CMS Collaboration}",
      COLLABORATION = "{CMS}",
      title         = "{Procedure for the LHC Higgs boson search combination in
                       Summer 2011}",
      number        = "CMS-NOTE-2011-005",
      year          = "2011",
      url           = "https://cds.cern.ch/record/1379837",
}
